@book{intro_to_percolation_theory,
    author        = {D. Stauffer and A. Aharony},
    title         = {Introduction to Percolation Theory},
    year          = {2003},
    edition       = 2,
    publisher     = {Taylor and Francis},
    location      = {Philadelphia, Pennsylvania}
}

@book{applications_of_percolation_theory,
    author        = {M. Sahimi},
    title         = {Applications of Percolation Theory},
    year          = {1994},
    edition       = 1,
    publisher     = {Taylor and Francis},
    location      = {Philadelphia, Pennsylvania}
}

@article{ER_1,
    author        = {P. Erdős and A. Rényi},
    title         = {On random graphs, I.},
    journaltitle  = {Publ. Math. Debrecen},
    volume        = {6},
    pages         = {290-297},
    year          = {1959}
}

@article{ER_2,
    author        = {P. Erdős and A. Rényi},
    title         = {On the evolution of random graphs},
    journaltitle  = {Publ. Math. Inst. Hungar. Acad. Sci.},
    volume        = {5},
    pages         = {17-61},
    year          = {1960}
}

@article{BF,
    author        = {T. Bohman and A. Frieze},
    title         = {Avoiding a giant component},
    journaltitle  = {Random Structures Algorithms},
    volume        = {19},
    pages         = {75-85},
    year          = {2001}
}

@article{BFW,
    author        = {T. Bohman and A. Frieze and N. C. Wormald},
    title         = {Avoidance of a giant component in half the edge set of a random graph},
    journaltitle  = {Random Struct. Algorithms},
    volume        = {25},
    pages         = {432-449},
    year          = {2004}
}

@article{Spencer_Wormald,
    author        = {J. Spencer and N. Wormald},
    title         = {Birth control for giants},
    journaltitle  = {Combinatorica},
    volume        = {27},
    pages         = {587-628},
    year          = {2007}
}

@article{Achlioptas_1,
    author        = {D. Achlioptas and R. M. D’Souza and J. Spencer},
    title         = {Explosive Percolation in random networks},
    journaltitle  = {Science},
    volume        = {323},
    pages         = {1453-1455},
    year          = {2009}
}

@article{Ziff_1,
    author        = {R. M. Ziff},
    title         = {Explosive growth in biased dynamic percolation on two-dimensional regular lattice networks},
    journaltitle  = {Phys. Rev. Lett.},
    volume        = {103.045701},
    year          = {2009}
}

@article{Cho_1,
    author        = {Y. S. Cho and J. S. Kim and J. Park and B. Kahng and D. Kim},
    title         = {Percolation transitions in scale-free networks under the Achlioptas Process},
    journaltitle  = {Phys. Rev. Lett.},
    volume        = {103.135702},
    year          = {2009}
}

@article{Radicchi_1,
    author        = {F. Radicchi and S. Fortunato},
    title         = {Explosive Percolation in scale-free networks},
    journaltitle  = {Phys. Rev. Lett.},
    volume        = {103.168701},
    year          = {2009}
}

@article{Friedman_1,
    author        = {E. J. Friedman and A. S. Landsberg},
    title         = {Construction and analysis of random networks with Explosive Percolation},
    journaltitle  = {Phys. rev. Lett.},
    volume        = {103.255701},
    year          = {2009}
}

@article{Ziff_2,
    author        = {R. M. Ziff},
    title         = {Scaling behavior of Explosive Percolation on the square lattice},
    journaltitle  = {Phys. Rev. E},
    volume        = {82.051105},
    year          = {2010}
}

@article{Radicchi_2,
    author        = {F. Radicchi and S. Fortunato},
    title         = {Explosive Percolation: a numerical analysis},
    journaltitle  = {Phys. Rev. E},
    volume        = {81.036110},
    year          = {2010}
}

@article{D_Souza_1,
    author        = {R. M. D'Souza and M Mitzenmacher},
    title         = {Local cluster aggregation models of Explosive Percolation},
    journaltitle  = {Phys. Rev. Lett.},
    volume        = {104.195702},
    year          = {2010}
}

@article{da_Costa_1,
    author        = {R. A. da Costa and S. N. Dorogovtsev and A. V. Goltsev and J. F. F. Mendes},
    title         = {Explosive Percolation transition is actually continuous},
    journaltitle  = {Phys. Rev. Lett.},
    volume        = {105.255701},
    year          = {2010}
}

@article{Rozenfeld_1,
    author        = {H. D. Rozenfeld and L. K. Gallos and H. A. Makse},
    title         = {Explosive Percolation in the human protein homology network},
    journaltitle  = {The European Physical Journal B},
    volume        = {75},
    pages         = {305-310},
    year          = {2010}
}

@article{Araujo_1,
    author        = {N. A. M. Araújo and H. J. Herrmann},
    title         = {Explosive Percolation via control of the largest cluster},
    journaltitle  = {Phys. Rev. Lett.},
    volume        = {105.035701},
    year          = {2010}
}

@article{Moreira_1,
    author        = {A. A. Moreira and E. A. Oliveira and S. D. S. Reis and H. J. Herrmann and J. S. Andrade},
    title         = {Hamiltonian approach for Explosive Percolation},
    journaltitle  = {Phys. Rev. E},
    volume        = {81.040101},
    year          = {2010}
}

@article{Cho_2,
    author        = {Y. S. Cho and B. Kahng and D. Kim},
    title         = {Cluster aggregation model for discontinuous percolation transition},
    journaltitle  = {Phys. Rev. E},
    volume        = {81.030103},
    year          = {2010}
}

@article{Cho_3,
    author        = {Y. S. Cho and B. Kahng},
    title         = {Suppression effect on Explosive Percolation},
    journaltitle  = {Phys. Rev. Lett.},
    volume        = {107.275703},
    year          = {2011}
}

@article{Nagler_1,
    author        = {J. Nagler and A. Levina and M. Timme},
    title         = {Impact of single links in competitive percolation},
    journaltitle  = {Nature Physics},
    volume        = {7},
    pages         = {265–270},
    year          = {2011}
}

@article{Manna_1,
    author        = {S. S. Manna and A. Chatterjee},
    title         = {A new route to Explosive Percolation},
    journaltitle  = {Physica A: Statistical Mechanics and its Applications},
    volume        = {390},
    pages         = {177–182},
    year          = {2011}
}

@article{Grassberger_1,
    author        = {P. Grassberger and C. Christensen and G. Bizhani and S.-W. Son and M. Paczuski},
    title         = {Explosive Percolation is continuous, but with unusual finite size behavior},
    journaltitle  = {Phys. Rev. Lett.},
    volume        = {106.225701},
    year          = {2011}
}

@article{Lee_1,
    author        = {H. K. Lee and B. J. Kim and H. Park},
    title         = {Continuity of the Explosive Percolation transition},
    journaltitle  = {Phys. Rev. E},
    volume        = {84.020101},
    year          = {2011}
}

@article{Riordan_1,
    author        = {O. Riordan and L. Warnke},
    title         = {Explosive Percolation is continuous},
    journaltitle  = {Science},
    volume        = {333},
    pages         = {322-324},
    year          = {2011}
}

@article{Hooyberghs_1,
    author        = {H. Hooyberghs and B. Van Schaeybroeck},
    title         = {Criterion for explosive percolation transitions on complex networks},
    journaltitle  = {Phys. Rev. E},
    volume        = {83.032101},
    year          = {2011}
}

@article{Nagler_2,
    author        = {J. Nagler and T. Tiessen and H. W. Gutch},
    title         = {Continuous percolation with discontinuities},
    journaltitle  = {Phys. Rev. X},
    volume        = {2.031009},
    year          = {2011}
}

@article{Chen_1,
    author        = {W. Chen and R. M. D’Souza},
    title         = {Explosive Percolation with multiple giant components},
    journaltitle  = {Phys. Rev. Lett.},
    volume        = {106.115701},
    year          = {2011}
}

@article{Panagiotou_1,
    author        = {K. Panagiotou and R. Spöhel and A. Steger and H. Thomas},
    title         = {Explosive Percolation in Erdős-Rényi-like random graph processes},
    journaltitle  = {Electronic Notes in Discrete Mathematics},
    volume        = {38},
    pages         = {699-704},
    year          = {2011}
}

@article{Pan_1,
    author        = {R. K. Pan and M. Kivelä and J. Saramäki and K. Kaski and J. Kertész},
    title         = {Using Explosive Percolation in analysis of real-world networks},
    journaltitle  = {Phys. Rev. E},
    volume        = {83.046112},
    year          = {2011}
}

@article{Cho_4,
    author        = {Y. S. Cho and B. Kahng},
    title         = {Discontinuous percolation transitions in real physical systems},
    journaltitle  = {Phys. Rev. E},
    volume        = {84.050102},
    year          = {2011}
}

@article{Gomez_1,
    author        = {J. Gómez-Gardeñes and S. Gómez and A. Arenas and Y. Moreno},
    title         = {Explosive synchronization transitions in scale-free networks},
    journaltitle  = {Phys. Rev. Lett.},
    volume        = {106.128701},
    year          = {2011}
}

@article{Tian_1,
    author        = {L. Tian and D.-N. Shi},
    title         = {The nature of Explosive Percolation phase transition},
    journaltitle  = {Phys. Lett. A},
    volume        = {376},
    pages         = {286-289},
    year          = {2012}
}

@article{Riordan_2,
    author        = {O. Riordan and L. Warnke},
    title         = {Achlioptas Process phase transitons are continuous},
    journaltitle  = {The Annals of Applied Probability},
    volume        = {22},
    pages         = {1450-1464},
    year          = {2012}
}

@article{Riordan_3,
    author        = {O. Riordan and L. Warnke},
    title         = {Achlioptas Processes are not always self-averaging},
    journaltitle  = {Phys. Rev. E},
    volume        = {86.011129},
    year          = {2012}
}

@article{Boettcher_1,
    author        = {S. Boettcher and V. Singh and R. M Ziff},
    title         = {Ordinary percolation with discontinuous transitions},
    journaltitle  = {Nature Communications},
    volume        = {3.787},
    year          = {2012}
}

@article{Chen_2,
    author        = {W. Chen and Z. Zheng and R. M. D’Souza},
    title         = {Deriving an underlying mechanism for discontinuous percolation},
    journaltitle  = {Europhysics Letters},
    volume        = {100.66006},
    year          = {2012}
}

@article{Angst_1,
    author        = {S. Angst and S. R. Dahmen and H. Hinrichsen and A. Hucht and M. P. Magiera},
    title         = {Explosive Ising},
    journaltitle  = {J. Stat. Mech.: Theory and Experiment},
    volume        = {2012.L06002},
    year          = {2012}
}

@article{Bizhani_1,
    author        = {G. Bizhani and M. Paczuski and P. Grassberger},
    title         = {Discontinuous percolation transitions in epidemic processes, surface depinning in random media, and Hamiltonian random graphs},
    journaltitle  = {Phys. Rev. E},
    volume        = {86.011128},
    year          = {2012}
}

@article{Cho_5,
    author        = {Y. S. Cho and S. Hwang and H. J. Herrmann and B. Kahng},
    title         = {Avoiding a spanning cluster in percolation models},
    journaltitle  = {Science},
    volume        = {339},
    pages         = {1185-1187},
    year          = {2013}
}

@article{Schroeder_1,
    author        = {M. Schröder and S. H. Ebrahimnazhad Rahbari and J. Nagler},
    title         = {Crackling noise in fractional percolation},
    journaltitle  = {Nature Communications},
    volume        = {4.2222},
    year          = {2013}
}

@article{Chen_3,
    author        = {W. Chen and J. Nagler and X. Cheng and X. Jin and H. Shen and Z. Zheng and R. M. D’Souza},
    title         = {Phase transitions in supercritical Explosive Percolation},
    journaltitle  = {Phys. Rev. E},
    volume        = {87.052130},
    year          = {2013}
}

@article{Chen_4,
    author        = {W. Chen and X. Cheng and Z. Zheng and N. N. Chung and R. M. D’Souza and J. Nagler},
    title         = {Unstable supercritical discontinuous percolation transitions},
    journaltitle  = {Phys. Rev. E},
    volume        = {88.042152},
    year          = {2013}
}

@article{Squires_1,
    author        = {S. Squires and K. Sytwu and D. Alcala and T. M. Antonsen and E. Ott and M. Girvan},
    title         = {Weakly explosive percolation in directed networks},
    journaltitle  = {Phys. Rev. E},
    volume        = {87.052127},
    year          = {2013}
}

@article{Do_1,
    author        = {S. Do Yi and W. S. Jo and B. J. Kim and S.-W. Son},
    title         = {Percolation properties of growing networks under an achlioptas process},
    journaltitle  = {Europhysics Letters},
    volume        = {103.26004},
    year          = {2013}
}

@article{Chen_5,
    author        = {W. Chen and M. Schröder and R. M. D’Souza and D. Sornette and J. Nagler},
    title         = {Microtransition cascades to percolation},
    journaltitle  = {Phys. Rev. Lett.},
    volume        = {112.155701},
    year          = {2014}
}

@article{Bastas_1,
    author        = {N. Bastas and P. Giazitzidis and M. Maragakis and K. Kosmidis.},
    title         = {Explosive Percolation: Unusual transitions of a simple model},
    journaltitle  = {Physica A: Statistical Mechanics and its Applications},
    volume        = {407},
    pages         = {54-65},
    year          = {2014}
}

@article{Cho_6,
    author        = {Y. S. Cho and B. Kahng},
    title         = {Types of discontinuous percolation transitions in cluster merging processes},
    journaltitle  = {arXiv},
    volume        = {1404.4470},
    year          = {2014}
}

@article{da_Costa_2,
    author        = {R. A. da Costa and S. N. Dorogovtsev and A. V. Goltsev and J. F. F. Mendes},
    title         = {Solution of the Explosive Percolation quest: Scaling functions and critical exponents},
    journaltitle  = {Phys. Rev. E},
    volume        = {90.022145},
    year          = {2014}
}

@article{da_Costa_5,
    author        = {R. A. da Costa and S. N. Dorogovtsev and A. V. Goltsev and J. F. F. Mendes},
    title         = {Critical exponents of the explosive percolation transition},
    journaltitle  = {Phys. Rev. E},
    volume        = {89.042148},
    year          = {2014}
}

@article{Riordan_4,
    author        = {O. Riordan and L. Warnke},
    title         = {The evolution of subcritical Achlioptas Processes},
    journaltitle  = {Random Structures and Algorithms},
    volume        = {47},
    pages         = {174-203},
    year          = {2014}
}

@article{Guan_1,
    author        = {S. Guan and X. Zhang and S. Boccaletti and Z. Liu},
    title         = {Explosive synchronization in adaptive and multilayer networks},
    journaltitle  = {Phys. Rev. Lett.},
    volume        = {114.038701},
    year          = {2015}
}

@article{da_Costa_3,
    author        = {R. A. da Costa and S. N. Dorogovtsev and A. V. Goltsev and J. F. F. Mendes},
    title         = {Solution of the explosive percolation quest. II. Infinite-order transition produced by the initial distributions of clusters},
    journaltitle  = {Phys. Rev. E},
    volume        = {91.032140},
    year          = {2015}
}

@article{da_Costa_4,
    author        = {R. A. da Costa and S. N. Dorogovtsev and A. V. Goltsev and J. F. F. Mendes},
    title         = {Inverting the Achlioptas rule for explosive percolation},
    journaltitle  = {Phys. Rev. E},
    volume        = {91.042130},
    year          = {2015}
}

@article{D_Souza_2,
    author        = {Raissa M. D’Souza and Jan Nagler},
    title         = {Anomalous critical and supercritical phenomena in explosive percolation},
    journaltitle  = {Nature Physics},
    volume        = {11},
    pages         = {531-538},
    year          = {2015}
}

@article{Hayasaka_1,
    author        = {Satoru Hayasaka},
    title         = {Explosive percolation in thresholded networks},
    journaltitle  = {Physica A: Statistical Mechanics and its Applications},
    volume        = {451},
    pages         = {1-9},
    year          = {2016}
}

@article{Clusella_1,
    author        = {Pau Clusella and Peter Grassberger and Francisco J. Pérez-Reche and Antonio Politi},
    title         = {Immunization and Targeted Destruction of Networks using Explosive Percolation},
    journaltitle  = {Phys. Rev. Lett.},
    volume        = {117.208301},
    year          = {2016}
}

@article{Boccaletti_1,
    author        = {S. Boccaletti and J. A. Almendral and S. Guan and I. Leyva and Z. Liu and I. Sendiña-Nadal and Z. Wang and Y. Zou},
    title         = {Explosive transitions in complex networks’ structure and dynamics: Percolation and synchronization},
    journaltitle  = {Physics Reports},
    volume        = {660},
    pages         = {1-94},
    year          = {2016}
}

@article{Gedik_1,
    author        = {İ. Yalçınkaya and Z. Gedik},
    title         = {Coherent transport over an explosive percolation lattice},
    journaltitle  = {Journal of Physics A: Mathematical and Theoretical},
    volume        = {50.15},
    year          = {2017}
}

@article{Rahman_1,
    author        = {M. M. Rahman and M. K. Hassan},
    title         = {Explosive percolation on a scale-free multifractal weighted planar stochastic lattice},
    journaltitle  = {Phys. Rev. E},
    volume        = {95.042133},
    year          = {2017}
}

@article{Waagen_1,
    author        = {Alex Waagen and Raissa M. D'Souza and Tsai-Ching Lu},
    title         = {Explosive percolation on directed networks due to monotonic flow of activity},
    journaltitle  = {Phys. Rev. E},
    volume        = {96.012317},
    year          = {2017}
}

@article{Zhu_1,
    author        = {Yong Zhu and Xiaosong Chen},
    title         = {Finite size scaling theory for percolation phase transition},
    journaltitle  = {arXiv},
    volume        = {1710.02957},
    year          = {2017}
}

@article{Sabbir_1,
    author        = {M. M. H. Sabbir and M. K. Hassan},
    title         = {Product-sum universality and Rushbrooke inequality in explosive percolation},
    journaltitle  = {Phys. Rev. E},
    volume        = {97.050102},
    year          = {2018}
}

@article{Trevelyan_1,
    author        = {A. J. Trevelyan and G. Tsekenis and E. I. Corwin},
    title         = {Degree product rule tempers explosive percolation in the absence of global information},
    journaltitle  = {Phys. Rev. E},
    volume        = {97.020301},
    year          = {2018}
}

@article{Sabbir_1,
    author        = {M. M. H. Sabbir and M. K. Hassan},
    title         = {Universality class of explosive percolation in Barabási-Albert networks},
    journaltitle  = {arXiv},
    volume        = {1807.08739},
    year          = {2018}
}
